
@article{garriga_mortgages_2017,
	title = {Mortgages and {Monetary} {Policy}},
	volume = {30},
	issn = {0893-9454},
	url = {https://academic.oup.com/rfs/article/30/10/3337/3857753},
	doi = {10.1093/rfs/hhx043},
	abstract = {Mortgages are long-term loans with nominal payments. Consequently, in incomplete asset markets, monetary policy can affect housing investment and the economy th},
	language = {en},
	number = {10},
	urldate = {2019-11-04},
	journal = {The Review of Financial Studies},
	author = {Garriga, Carlos and Kydland, Finn E. and Å ustek, Roman},
	month = oct,
	year = {2017},
	pages = {3337--3375}
}